---
---
@online{north,
  author = {North Sails, Bill Gladstone},
  title = {TWIST EXPLAINED},
  year = 2018,
  url = {https://www.northsails.com/sailing/en/2018/10/north-u-understanding-twist-by-bill-gladstone},
  urldate = {2021-11-07}
}

# ARON HELMSTAD, TOMAS LARSSON
# KTH Engeneering Sciences
# Stockholm, Sweden 2013
@book{mgr,
	title = {An Aeroelastic Implementation for Yacht Sails and Rigs, Degree project in
Naval Architecture},
	author = {A. Helmstad, T.Larsson},
	year = {2013},
	publisher = {KTH Engeneering Sciences},
}

@book{katz,
	title = {Low-Speed Aerodynamics, Second Edition},
	author = {J. Katz, A. Plotkin},
	year = {2001},
	publisher = {Cambridge University Press},
}

@book{JohnDAnderson2007,
  title = {Fundamentals of Aerodynamics},
  publisher = {McGraw Hill},
  year = {2007},
  author = {John D. Anderson, Jr},
  address = {Singapore},
  edition = {Fourth Edition}
}

@book{bertin,
	title = {Aerodynamics for engineers, Fifth Edition},
	author = {John J. Bertin, Russell M. Cummings},
	year = {2009},
	publisher = {Pearson Education International},
}


@inproceedings{lecture,
	url = {https://web.mit.edu/2.016/www/handouts/2005Reading4.pdf},
	address = {Massachusetts Institute of Technology},
	title = {Potential Flow Theory},
	booktitle = {Lecture: 2.016 Hydrodynamics},
	publisher = {MIT},
	author = {Prof. A.H. Techet},
	year = {2005}
}

@inproceedings{llt_prom,
	address = {Interdisciplinary Center for Mathematical and Computational Modelling, University of Warsaw},
	title = {Constrained optimization of an upwind sail set using fast solver},
	booktitle = {Lecture for Computational Engineering, second-level degree program},
	author = {G. Gruszczyński},
	year = {2021}
}

@article{modern,
	title = {Modern Adaptation of Prandtl's Classic Lifting-Line Theory},
	volume = {37},
	issn = {0021-8669},
	url = {http://arc.aiaa.org},
	doi = {DOI: 10.2514/2.2649},
	number = {4},
	journal = {JOURNAL OF AIRCRAFT},
	author = {W. F. Phillips and D. O. Snyder},
	year = {July - August 2000},
	pages = {662-670},
}

@article{artphase,
	title = {Applicability of Vortex Lattice Method and its Comparison with High Fidelity Tools},
	volume = {04},
	issn = {2664-2050},
	url = {https://www.hpej.net/journals/pakjet/article/view/754/564},
	doi = {DOI: 10.51846/vol4iss1pp207-211},
	number = {01},
	journal = {Pakistan Journal of Engineering and Technology, PakJET},
	author = {Sheharyar Nasir and M Tariq Javaid and M. Usman Shahid and Asad Raza and Waseeq Siddiqui and Shuaib Salamat},
	year = {2021},
	pages = {207- 211},
}

@article{aac,
	title = {Analysis of Aerodynamic Characteristics Using the Vortex Lattice Method on Twin Tail Boom Unmanned Aircraft},
	volume = {2226},
	issn = {9780735419858},
	url = {https://pubs.aip.org/aip/acp/article/2226/1/020003/814546/Analysis-of-aerodynamic-characteristics-using-the},
	doi = {10.1063/5.0002337},
	number = {April},
	journal = {7TH INTERNATIONAL SEMINAR ON AEROSPACE SCIENCE AND TECHNOLOGY - ISAST 2019},
	author = {A. Septiyana and K. Hidayat and A. Rizaldi and M. L. Ramadiansyah and R. A. Ramadhan and P. A. P. Suseno and E. B. Jayanti and N. Atmasari and A. Rasyadi},
	year = {24-25 September 2019},
	pages = {536},
}


@article{opencl,
	title = {An Investigation of the Performance Portability of OpenCL},
	url = {https://www.sciencedirect.com/science/article/abs/pii/S0743731512001669},
	doi = {0.1016/j.jpdc.2012.07.005},
	author = {S.J. Pennycooka and S.D. Hammondb and S.A. Wright and J.A. Herdmanc and I. Millerc and S.A. Jarvis},
	year = {November 2013},
	journal = {Journal of Parallel and Distributed Computing},
	volume = {73},
	issue = {11},
	pages = {439-1450},
}

Volume 73, Issue 11, November 2013, 

@article{simd,
	title = {SIMD programming using Intel vector extensions},
	url = {https://www.sciencedirect.com/science/article/pii/S074373151830813X},
	doi = {10.1016/j.jpdc.2019.09.012},
	author = {H. Amiri and A. Shahbahrami},
	year = {2020},
	journal = {Journal of Parallel and Distributed Computing},
	pages = {83-100},
	number = {135},
}


@inproceedings{intel,
	title = {IMPROVE VECTORIZATION EFFICIENCY USING INTEL SIMD DATA LAYOUT TEMPLATE (INTEL SDLT) [access: 08.06.2023]},
	booktitle = {INTEL HPC DEVELOPER CONFERENCE FUEL YOUR INSIGHT},
	url = {https://www.intel.com/content/dam/www/public/us/en/documents/presentation/improving-vectorization-efficiency.pdf},
	author = {A. Wells and A. M. Prabha},
	year = {Novenber 2016}
}


@misc{numba,
	url = {https://numba.pydata.org/numba-doc/latest/index.html},
	title = {Numba Documentation [access: 08.06.2023]},
	
}


@misc{tip,
	url = {https://www.onemetre.net//Design/Downwash/LiftLine/Liftline.htm},
	title = {Lifting line theory of lift [access: 22.06.2023]},
	
}

@misc{medium,
	url = {https://medium.com/@shaistha24/functional-programming-vs-object-oriented-programming-oop-which-is-better-82172e53a526},
	title = {Functional Programming VS Object Oriented Programming (OOP) Which is better….? [access: 28.06.2023].},
}


@misc{infoworld,
	url = {https://www.infoworld.com/article/3613715/what-is-functional-programming-a-practical-guide.html},
	title = {What is functional programming? A practical guide [access: 28.06.2023].},
}

@misc{yld,
	url = {https://www.yld.io/blog/the-not-so-scary-guide-to-functional-programming},
	title = {The Not-So-Scary Guide to Functional Programming [access: 28.06.2023].},
}

@misc{educba,
	url = {https://www.educba.com/functional-programming-vs-oop/},
	title = {Functional Programming vs OOP [access: 28.06.2023].},
}


